<record><leader>00000cas a2200000 a 4500</leader><controlfield tag="001">15903290</controlfield><controlfield tag="008">870611d19081986iluwr ne      0   a0eng c</controlfield><datafield ind1=" " ind2=" " tag="010"><subfield code="a">sn 87082811 </subfield></datafield><datafield ind1=" " ind2=" " tag="040"><subfield code="a">NPV</subfield><subfield code="b">eng</subfield><subfield code="c">NPV</subfield><subfield code="d">NVF</subfield><subfield code="d">MGN</subfield><subfield code="d">NVF</subfield><subfield code="d">OCLCF</subfield><subfield code="d">NVF</subfield><subfield code="d">OCLCO</subfield><subfield code="d">NVF</subfield></datafield><datafield ind1=" " ind2=" " tag="042"><subfield code="a">pcc</subfield></datafield><datafield ind1=" " ind2=" " tag="043"><subfield code="a">n-us-il</subfield></datafield><datafield ind1="0" ind2="4" tag="245"><subfield code="a">The Marshall herald.</subfield></datafield><datafield ind1=" " ind2=" " tag="260"><subfield code="a">Marshall, Ill. :</subfield><subfield code="b">Charles Scott,</subfield><subfield code="c">1908-1986.</subfield></datafield><datafield ind1=" " ind2=" " tag="300"><subfield code="a">v.</subfield></datafield><datafield ind1=" " ind2=" " tag="310"><subfield code="a">Weekly</subfield></datafield><datafield ind1="0" ind2=" " tag="362"><subfield code="a">Vol. 41, no. 34 (Aug. 19, 1908)-v. 120, no. 53 (Dec. 31, 1986).</subfield></datafield><datafield ind1=" " ind2=" " tag="515"><subfield code="a">Continues the numbering of Clark County herald (Marshall, Ill.).</subfield></datafield><datafield ind1=" " ind2="0" tag="651"><subfield code="a">Marshall (Ill.)</subfield><subfield code="v">Newspapers.</subfield></datafield><datafield ind1=" " ind2="7" tag="651"><subfield code="a">Illinois</subfield><subfield code="z">Marshall.</subfield><subfield code="2">fast</subfield><subfield code="0">(OCoLC)fst01226728</subfield></datafield><datafield ind1=" " ind2="7" tag="655"><subfield code="a">Newspapers.</subfield><subfield code="2">fast</subfield><subfield code="0">(OCoLC)fst01423814</subfield></datafield><datafield ind1=" " ind2=" " tag="752"><subfield code="a">United States</subfield><subfield code="b">Illinois</subfield><subfield code="c">Clark</subfield><subfield code="d">Marshall.</subfield></datafield><datafield ind1="0" ind2="0" tag="780"><subfield code="t">Clark County herald (Marshall, Ill.)</subfield><subfield code="w">(DLC)sn 85033842</subfield><subfield code="w">(OCoLC)12283779</subfield></datafield><datafield ind1="0" ind2="5" tag="780"><subfield code="t">Marshall Republican (Marshall, Ill.)</subfield><subfield code="w">(DLC)sn 90054801</subfield><subfield code="w">(OCoLC)22465104</subfield></datafield><datafield ind1="1" ind2=" " tag="029"><subfield code="a">AU@</subfield><subfield code="b">000020473908</subfield></datafield></record>